<record><leader>00000cas a22000007a 4500</leader><controlfield tag="001">15133976</controlfield><controlfield tag="008">870130d18971970wiudn ne      0    0eng d</controlfield><datafield ind1=" " ind2=" " tag="010"><subfield code="a">sn 87082060 </subfield></datafield><datafield ind1=" " ind2=" " tag="040"><subfield code="a">NPV</subfield><subfield code="b">eng</subfield><subfield code="c">NPV</subfield><subfield code="d">OCLCQ</subfield></datafield><datafield ind1=" " ind2=" " tag="042"><subfield code="a">msc</subfield></datafield><datafield ind1="0" ind2=" " tag="130"><subfield code="a">Daily telegram (Eau Claire, Wis.)</subfield></datafield><datafield ind1="1" ind2="4" tag="245"><subfield code="a">The daily telegram.</subfield></datafield><datafield ind1="1" ind2="3" tag="246"><subfield code="a">Telegram</subfield></datafield><datafield ind1=" " ind2=" " tag="260"><subfield code="a">Eau Claire, Wis. :</subfield><subfield code="b">Telegram Pub. Co.,</subfield><subfield code="c">1897-1970.</subfield></datafield><datafield ind1=" " ind2=" " tag="300"><subfield code="a">v.</subfield></datafield><datafield ind1=" " ind2=" " tag="310"><subfield code="a">Daily (except Sunday)</subfield></datafield><datafield ind1="0" ind2=" " tag="362"><subfield code="a">Vol. 3, no. 142 (June 21, 1897)-v. 75, no. 133 (June 6, 1970).</subfield></datafield><datafield ind1=" " ind2=" " tag="580"><subfield code="a">Issued also in a weekly edition called: Weekly telegram.</subfield></datafield><datafield ind1=" " ind2=" " tag="752"><subfield code="a">United States</subfield><subfield code="b">Wisconsin</subfield><subfield code="c">Eau Claire</subfield><subfield code="d">Eau Claire.</subfield></datafield><datafield ind1="1" ind2=" " tag="775"><subfield code="t">Weekly telegram (Eau Claire, Wis.)</subfield><subfield code="w">(DLC)sn 85041460</subfield></datafield><datafield ind1="0" ind2="0" tag="780"><subfield code="t">Morning telegram (Eau Claire, Wis.)</subfield><subfield code="w">(DLC)sn 87082059</subfield></datafield><datafield ind1="0" ind2="5" tag="780"><subfield code="t">Daily free press (Eau Claire, Wis.)</subfield><subfield code="w">(DLC)sn 84024378</subfield></datafield><datafield ind1="0" ind2="7" tag="785"><subfield code="t">Eau Claire leader</subfield></datafield><datafield ind1="0" ind2="7" tag="785"><subfield code="t">Eau Claire leader-telegram</subfield><subfield code="w">(DLC)sn 87082061</subfield></datafield></record>